%% This BibTeX bibliography file was created using BibDesk.
%% http://bibdesk.sourceforge.net/


%% Created for Noah Kurinsky at 2015-03-21 20:20:11 -0400 


%% Saved with string encoding Unicode (UTF-8) 



@article{Bimonte12,
	Author = {Bimonte, Giuseppe and Emig, Thorsten and Kardar, Mehran},
	Date-Added = {2015-03-22 00:19:54 +0000},
	Date-Modified = {2015-03-22 00:20:10 +0000},
	Doi = {http://dx.doi.org/10.1063/1.3686903},
	Eid = 074110,
	Journal = {Applied Physics Letters},
	Number = {7},
	Pages = {-},
	Title = {Material dependence of Casimir forces: Gradient expansion beyond proximity},
	Url = {http://scitation.aip.org/content/aip/journal/apl/100/7/10.1063/1.3686903},
	Volume = {100},
	Year = {2012},
	Bdsk-Url-1 = {http://scitation.aip.org/content/aip/journal/apl/100/7/10.1063/1.3686903},
	Bdsk-Url-2 = {http://dx.doi.org/10.1063/1.3686903}}

@article{Lamoreaux,
	Author = {Lamoreaux, S. K.},
	Date-Added = {2015-02-28 00:33:36 +0000},
	Date-Modified = {2015-02-28 00:35:50 +0000},
	Doi = {10.1103/PhysRevLett.78.5},
	Issue = {1},
	Journal = {Phys. Rev. Lett.},
	Month = {Jan},
	Numpages = {0},
	Pages = {5--8},
	Publisher = {American Physical Society},
	Title = {Demonstration of the Casimir Force in the 0.6 to 6$\mu$ m Range},
	Url = {http://link.aps.org/doi/10.1103/PhysRevLett.78.5},
	Volume = {78},
	Year = {1997},
	Bdsk-Url-1 = {http://link.aps.org/doi/10.1103/PhysRevLett.78.5},
	Bdsk-Url-2 = {http://dx.doi.org/10.1103/PhysRevLett.78.5}}

@article{Rahi,
	Author = {Rahi, Sahand Jamal and Emig, Thorsten and Graham, Noah and Jaffe, Robert L. and Kardar, Mehran},
	Date-Added = {2015-02-28 00:24:40 +0000},
	Date-Modified = {2015-02-28 00:27:50 +0000},
	Doi = {10.1103/PhysRevD.80.085021},
	Journal = {Physical Review D},
	Number = {8},
	Title = {Scattering theory approach to electrodynamic Casimir forces},
	Volume = {80},
	Year = {2009},
	Bdsk-Url-1 = {http://dx.doi.org/10.1103/PhysRevD.80.085021}}

@article{Casimir,
	Author = {Casimir, H.B.G.},
	Date-Added = {2015-02-28 00:11:28 +0000},
	Date-Modified = {2015-02-28 00:11:37 +0000},
	Journal = {Indag.Math.},
	Pages = {261-263},
	Slaccitation = {%%CITATION = IMTHB,10,261;%%},
	Title = {{On the Attraction Between Two Perfectly Conducting Plates}},
	Volume = {10},
	Year = {1948}}

@article{ScatteringTheory,
	Adsnote = {Provided by the SAO/NASA Astrophysics Data System},
	Adsurl = {http://adsabs.harvard.edu/abs/2006NJPh....8..243L},
	Author = {{Lambrecht}, A. and {Neto}, P.~A.~M. and {Reynaud}, S.},
	Date-Added = {2015-02-27 23:37:07 +0000},
	Date-Modified = {2015-02-27 23:37:28 +0000},
	Doi = {10.1088/1367-2630/8/10/243},
	Eprint = {quant-ph/0611103},
	Journal = {New Journal of Physics},
	Month = oct,
	Pages = {243},
	Title = {{The Casimir effect within scattering theory}},
	Volume = 8,
	Year = 2006,
	Bdsk-Url-1 = {http://dx.doi.org/10.1088/1367-2630/8/10/243}}

@article{Emig07,
	Author = {Thorsten Emig},
	Date-Added = {2015-02-27 23:30:39 +0000},
	Date-Modified = {2015-02-27 23:31:33 +0000},
	Journal = {Journal of Statistical Mechanics: Theory and Experiment},
	Month = {12},
	Number = {04},
	Pages = {P04007},
	Title = {Fluctuation induced quantum interactions between compact objects and a plane mirror},
	Url = {http://stacks.iop.org/1742-5468/2008/i=04/a=P04007},
	Volume = {2008},
	Year = {2008},
	Bdsk-Url-1 = {http://arxiv.org/abs/0712.2199}}

@article{BeyondPFA,
	Adsnote = {Provided by the SAO/NASA Astrophysics Data System},
	Adsurl = {http://adsabs.harvard.edu/abs/2012EL.....9750001B},
	Archiveprefix = {arXiv},
	Author = {{Bimonte}, G. and {Emig}, T. and {Jaffe}, R.~L. and {Kardar}, M.},
	Doi = {10.1209/0295-5075/97/50001},
	Eprint = {1110.1082},
	Journal = {EPL (Europhysics Letters)},
	Month = mar,
	Pages = {50001},
	Primaryclass = {quant-ph},
	Title = {{Casimir forces beyond the proximity approximation}},
	Volume = 97,
	Year = 2012,
	Bdsk-Url-1 = {http://dx.doi.org/10.1209/0295-5075/97/50001}}

@article{Dexp,
	Author = {Fosco, C\'esar D. and Lombardo, Fernando C. and Mazzitelli, Francisco D.},
	Doi = {10.1103/PhysRevD.84.105031},
	Issue = {10},
	Journal = {Phys. Rev. D},
	Month = {Nov},
	Numpages = {6},
	Pages = {105031},
	Publisher = {American Physical Society},
	Title = {Proximity force approximation for the Casimir energy as a derivative expansion},
	Url = {http://link.aps.org/doi/10.1103/PhysRevD.84.105031},
	Volume = {84},
	Year = {2011},
	Bdsk-Url-1 = {http://link.aps.org/doi/10.1103/PhysRevD.84.105031},
	Bdsk-Url-2 = {http://dx.doi.org/10.1103/PhysRevD.84.105031}}

@article{Bulgac,
	Author = {Bulgac, Aurel and Magierski, Piotr and Wirzba, Andreas},
	Doi = {10.1103/PhysRevD.73.025007},
	Issue = {2},
	Journal = {Phys. Rev. D},
	Month = {Jan},
	Numpages = {14},
	Pages = {025007},
	Publisher = {American Physical Society},
	Title = {Scalar Casimir effect between Dirichlet spheres or a plate and a sphere},
	Url = {http://link.aps.org/doi/10.1103/PhysRevD.73.025007},
	Volume = {73},
	Year = {2006},
	Bdsk-Url-1 = {http://link.aps.org/doi/10.1103/PhysRevD.73.025007},
	Bdsk-Url-2 = {http://dx.doi.org/10.1103/PhysRevD.73.025007}}

@article{Durand,
	Author = {Canaguier-Durand, Antoine and Guerot, Romain and Maia Neto, Paulo A. and Lambrecht, Astrid and Reynaud, Serge},
	Doi = {10.1142/S2010194512007374},
	Eprint = {http://www.worldscientific.com/doi/pdf/10.1142/S2010194512007374},
	Journal = {International Journal of Modern Physics: Conference Series},
	Pages = {250-259},
	Title = {THE CASIMIR EFFECT IN THE SPHERE-PLANE GEOMETRY},
	Url = {http://www.worldscientific.com/doi/abs/10.1142/S2010194512007374},
	Volume = {14},
	Year = {2012},
	Bdsk-Url-1 = {http://www.worldscientific.com/doi/abs/10.1142/S2010194512007374},
	Bdsk-Url-2 = {http://dx.doi.org/10.1142/S2010194512007374}}

@article{Lambrecht,
	Adsnote = {Provided by the SAO/NASA Astrophysics Data System},
	Adsurl = {http://adsabs.harvard.edu/abs/2000EPJD....8..309L},
	Author = {{Lambrecht}, A. and {Reynaud}, S.},
	Doi = {10.1007/s100530050041},
	Eprint = {quant-ph/9907105},
	Journal = {European Physical Journal D},
	Keywords = {Theory of quantized fields, Specific calculations, Quantum fluctuations quantum noise and quantum jumps},
	Month = jul,
	Pages = {309-318},
	Title = {{Casimir force between metallic mirrors}},
	Volume = 8,
	Year = 2000,
	Bdsk-Url-1 = {http://dx.doi.org/10.1007/s100530050041}}
